@article{boc07,
  title={A prokaryotic proton-gated ion channel from the nicotinic acetylcholine receptor family},
  author={Bocquet, Nicolas and De Carvalho, Lia Prado and Cartaud, Jean and Neyton, Jacques and Le Poupon, Chantal and Taly, Antoine and Grutter, Thomas and Changeux, Jean-Pierre and Corringer, Pierre-Jean},
  journal={Nature},
  volume={445},
  number={7123},
  pages={116--119},
  year={2007},
  publisher={Nature Publishing Group}
}

@article{hilf2009structure,
	title={Structure of a potentially open state of a proton-activated pentameric ligand-gated ion channel},
	author={Hilf, Ricarda JC and Dutzler, Raimund},
	journal={Nature},
	volume={457},
	number={7225},
	pages={115--118},
	year={2009},
	publisher={Nature Publishing Group}
}

@article{hilf2008x,
	title={X-ray structure of a prokaryotic pentameric ligand-gated ion channel},
	author={Hilf, Ricarda JC and Dutzler, Raimund},
	journal={Nature},
	volume={452},
	number={7185},
	pages={375--379},
	year={2008},
	publisher={Nature Publishing Group}
}


@article{changeux1970use,
	title={Use of a snake venom toxin to characterize the cholinergic receptor protein},
	author={Changeux, Jean-Pierre and Kasai, Michiki and Lee, Chen-Yuan},
	journal={Proceedings of the National Academy of Sciences},
	volume={67},
	number={3},
	pages={1241--1247},
	year={1970},
	publisher={National Acad Sciences}
}


@article{tanner2002smoking,
	title={Smoking and Parkinsonâ€™s disease in twins},
	author={Tanner, CM and Goldman, SM and Aston, DA and Ottman, R and Ellenberg, J and Mayeux, R and Langston, JW},
	journal={Neurology},
	volume={58},
	number={4},
	pages={581--588},
	year={2002},
	publisher={AAN Enterprises}
}




@article{prevost2012locally,
title={A locally closed conformation of a bacterial pentameric proton-gated ion channel},
author={Prevost, Marie S and Sauguet, Ludovic and Nury, Hugues and Van Renterghem, Catherine and Huon, Christ{\`e}le and Poitevin, Frederic and Baaden, Marc and Delarue, Marc and Corringer, Pierre-Jean},
journal={Nature structural \& molecular biology},
volume={19},
number={6},
pages={642--649},
year={2012},
publisher={Nature Publishing Group}
}